@article{santoro2022phangs,
  title={PHANGS--MUSE: The H II region luminosity function of local star-forming galaxies},
  author={Santoro, Francesco and Kreckel, Kathryn and Belfiore, Francesco and Groves, Brent and Congiu, Enrico and Thilker, David A and Blanc, Guillermo A and Schinnerer, Eva and Ho, I-Ting and Kruijssen, JM Diederik and others},
  journal={Astronomy \& Astrophysics},
  volume={658},
  pages={A188},
  year={2022},
  publisher={EDP Sciences}
}

@article{groves2023phangs,
  title={The PHANGS--MUSE nebular catalogue},
  author={Groves, B and Kreckel, K and Santoro, F and Belfiore, F and Zavodnik, E and Congiu, E and Egorov, OV and Emsellem, E and Grasha, K and Leroy, A and others},
  journal={Monthly Notices of the Royal Astronomical Society},
  volume={520},
  number={4},
  pages={4902--4952},
  year={2023},
  publisher={Oxford University Press}
}

@article{scheuermann2023stellar,
  title={Stellar associations powering H ii regions--I. Defining an evolutionary sequence},
  author={Scheuermann, Fabian and Kreckel, Kathryn and Barnes, Ashley T and Belfiore, Francesco and Groves, Brent and Hannon, Stephen and Lee, Janice C and Minsley, Rebecca and Rosolowsky, Erik and Bigiel, Frank and others},
  journal={Monthly Notices of the Royal Astronomical Society},
  volume={522},
  number={2},
  pages={2369--2383},
  year={2023},
  publisher={Oxford University Press}
}

@article{menon2021dependence,
  title={The dependence of the hierarchical distribution of star clusters on galactic environment},
  author={Menon, Shyam H and Grasha, Kathryn and Elmegreen, Bruce G and Federrath, Christoph and Krumholz, Mark R and Calzetti, Daniela and S{\'a}nchez, N{\'e}stor and Linden, Sean T and Adamo, Angela and Messa, Matteo and others},
  journal={Monthly Notices of the Royal Astronomical Society},
  volume={507},
  number={4},
  pages={5542--5566},
  year={2021},
  publisher={Oxford University Press}
}

@article{postma2017ccdlab,
  title={CCDLAB: a graphical user interface FITS image data reducer, viewer, and Canadian UVIT data pipeline},
  author={Postma, Joseph E and Leahy, Denis},
  journal={Publications of the Astronomical Society of the Pacific},
  volume={129},
  number={981},
  pages={115002},
  year={2017},
  publisher={IOP Publishing}
}